
@misc{todoist,
    title = {Todoist website},
    howpublished = {URL \url{https://todoist.com/}}
}
@misc{todoist-API,
    title = {{Todoist REST API reference}},
    howpublished = {URL \url{https://developer.todoist.com/rest/v8/}}
}

@misc{opencv,
    title = {{OpenCV Python reference}},
    howpublished = {URL \url{https://opencv-python-tutroals.readthedocs.io/en/latest/}}
}

@misc{numpy,
    title = {NumPy website},
    howpublished = {URL \url{https://www.numpy.org/}}
}
@misc{keras,
    title = {Keras website},
    howpublished = {URL \url{https://keras.io/}}
}
@misc{imutils,
    title = {{Computer vision onvenience functions}},
    howpublished = {URL \url{https://github.com/jrosebr1/imutils}}
}

@misc{qr_generator,
    title = {{QR Code Generator}},
    howpublished = {URL \url{https://www.qr-code-generator.com/}}
}

@misc{array_manipulation,
    title = {{Fast Array Manipulation in Numpy}},
    author = {Abid Rahman},
    year = 2012,
    howpublished = {URL \url{https://opencvpython.blogspot.com/2012/06/fast-array-manipulation-in-numpy.html}}
}

@misc{terminaltables,
    title = {{terminaltables}},
    author = {Robpol86},
    year = 2014,
    howpublished = {URL \url{https://github.com/Robpol86/terminaltables}}

}
@misc{qr_wounded,
    title = {{Wounded QR codes}},
    month = {November,},
    year = 2013,
    howpublished = {URL \url{http://datagenetics.com/blog/november12013/index.html}}
}

@misc{logging,
    author={Alexander DeLaRosa},
    title={{Log Monitoring: not the ugly sister}},
    publisher={Pandora FMS},
    year=2018,
    month={February 8,},
    howpublished = {URL \url{https://web.archive.org/web/20180214153657/https://blog.pandorafms.org/log-monitoring/}}
}

@misc{doc_scan,
    author={Andrew Campbell},
    title={{Document Scanner}},
    month={July 11,},
    year=2017,
    howpublished={URL \url{https://github.com/andrewdcampbell/OpenCV-Document-Scanner}}
}

@misc{kmeans,
    author={Shivam K Thakkar},
    title={{Dominant colors in an image using k-means clustering}},
    month={January 26,},
    year={2018},
    howpublished={URL \url{https://buzzrobot.com/dominant-colors-in-an-image-using-k-means-clustering-3c7af4622036}}
}

@misc{nosql,
    author={ Gery Menegaz},
    title={{What is NoSQL, and why do you need it?}},
    month={October 1,},
    year={2012},
    howpublished={URL \url{https://www.zdnet.com/article/what-is-nosql-and-why-do-you-need-it/}}
}

@misc{multiproc,
    author={Sebastian Raschka},
    title={{An introduction to parallel programming using Python's multiprocessing module}},
    month={June 20,},
    year=2014,
    howpublished={URL \url{https://sebastianraschka.com/Articles/2014_multiprocessing.html}}

}